<?xml version="1.0" encoding="UTF-8"?><record xmlns="http://www.loc.gov/MARC21/slim" xmlns:cinclude="http://apache.org/cocoon/include/1.0" xmlns:zs="http://www.loc.gov/zing/srw/">
  <leader>00463nz  a2200121n  4500</leader>
  <controlfield tag="001">no 94044419 </controlfield>
  <controlfield tag="003">DLC</controlfield>
  <controlfield tag="005">19941229174930.6</controlfield>
  <controlfield tag="008">941229n| acannaab|          |n aaa     c</controlfield>
  <datafield tag="010" ind1=" " ind2=" ">
    <subfield code="a">no 94044419 </subfield>
  </datafield>
  <datafield tag="040" ind1=" " ind2=" ">
    <subfield code="a">CSfA</subfield>
    <subfield code="c">CSfA</subfield>
  </datafield>
  <datafield tag="100" ind1="1" ind2="0">
    <subfield code="a">Dziedzic, Albin</subfield>
  </datafield>
  <datafield tag="670" ind1=" " ind2=" ">
    <subfield code="a">Behaviour patterns of captive harbour porpoise, Phocaena phocaena (L.), 1964:</subfield>
    <subfield code="b">t.p. (Albin Dziedzic; Laboratoire d'acoustique animale de l'Ecole pratique des Hautes-Etudes aĚ Jouy-en-Josas (S.-et-O.), France)</subfield>
  </datafield>
</record>